%% This BibTeX bibliography file was created using BibDesk.
%% http://bibdesk.sourceforge.net/


%% Created for Francisco Ferreira at 2010-02-27 14:38:27 -0500 


%% Saved with string encoding Unicode (UTF-8) 



@webpage{haskell-report,
	Author = {Simon Peyton Jones},
	Date-Added = {2010-02-26 19:05:20 -0500},
	Date-Modified = {2010-02-27 14:38:23 -0500},
	Keywords = {haskell report},
	Lastchecked = {Feb. 2010},
	Publisher = {Cambridge University Press},
	Title = {Haskell 98 language and libraries: the revised report},
	Url = {http://www.haskell.org/onlinereport/},
	Year = {2002}}
